<record><leader>00000cas a22000007a 4500</leader><controlfield tag="001">13943644</controlfield><controlfield tag="008">860725d1908192utxucr ne      0    0eng d</controlfield><datafield ind1=" " ind2=" " tag="010"><subfield code="a">sn 86088179 </subfield></datafield><datafield ind1=" " ind2=" " tag="040"><subfield code="a">PPM</subfield><subfield code="b">eng</subfield><subfield code="c">PPM</subfield><subfield code="d">OCL</subfield><subfield code="d">OCLCQ</subfield></datafield><datafield ind1=" " ind2=" " tag="042"><subfield code="a">msc</subfield></datafield><datafield ind1="0" ind2=" " tag="130"><subfield code="a">Semi-weekly farm news (Galveston, Tex.: 1908)</subfield></datafield><datafield ind1="1" ind2="4" tag="245"><subfield code="a">The Semi-weekly farm news.</subfield></datafield><datafield ind1="3" ind2="0" tag="246"><subfield code="a">Semiweekly farm news</subfield></datafield><datafield ind1=" " ind2=" " tag="260"><subfield code="a">Galveston, Tex. :</subfield><subfield code="b">A.H. Belo &amp; Co.,</subfield><subfield code="c">1908-</subfield></datafield><datafield ind1=" " ind2=" " tag="300"><subfield code="a">v. :</subfield><subfield code="b">ill. ;</subfield><subfield code="c">57 cm.</subfield></datafield><datafield ind1=" " ind2=" " tag="310"><subfield code="a">Semiweekly</subfield></datafield><datafield ind1="0" ind2=" " tag="362"><subfield code="a">Vol. 67, no. 55 (Oct. 1, 1908)-</subfield></datafield><datafield ind1=" " ind2=" " tag="580"><subfield code="a">Semiweekly edition of Galveston daily news.</subfield></datafield><datafield ind1=" " ind2=" " tag="752"><subfield code="a">United States</subfield><subfield code="b">Texas</subfield><subfield code="c">Galveston</subfield><subfield code="d">Galveston.</subfield></datafield><datafield ind1="1" ind2=" " tag="775"><subfield code="t">Galveston daily news</subfield></datafield><datafield ind1="0" ind2="0" tag="780"><subfield code="t">Galveston semi-weekly news</subfield><subfield code="w">(OCoLC)13942638</subfield></datafield></record>